@article{mathModelGenome, title={Mathematical modeling of genome replication}, volume={86}, DOI={10.1103/physreve.86.031916}, number={3}, journal={Physical Review E}, author={Retkute, Renata and Nieduszynski, Conrad A. and Moura, Alessandro De}, year={2012}}


@article{dynamics_DNA_rep, title={Dynamics of DNA replication in a eukaryotic cell}, DOI={10.1073/pnas.1818680116}, journal={Proceedings of the National Academy of Sciences}, author={Kelly, Thomas and Callegari, A. John}, year={2019}, month={Feb}, pages={201818680}}


@article{dna_rep_timing, title={DNA replication timing: random thoughts about origin firing}, volume={8}, DOI={10.1038/ncb1206-1313}, number={12}, journal={Nature Cell Biology}, author={Rhind, Nicholas}, year={2006}, pages={1313–1316}}


@article{pkmZeta, title={The protein kinase M$\zeta$ network as a bistable switch to store neuronal memory}, volume={68}, DOI={10.1016/j.neures.2010.07.1530}, journal={Neuroscience Research}, author={Ogasawara, Hideaki and Kawato, Mitsuo}, year={2010}}

@article{dendriticspines, title={Activity-dependent dendritic spine neck changes are correlated with synaptic strength}, volume={111}, DOI={10.1073/pnas.1321869111}, number={28}, journal={Proceedings of the National Academy of Sciences}, author={Araya, R. and Vogels, T. P. and Yuste, R.}, year={2014}}

@article{LTDPaper, title={Transgenic Mice Lacking NMDAR-Dependent LTD Exhibit Deficits in Behavioral Flexibility}, volume={58}, DOI={10.1016/j.neuron.2008.01.039}, number={1}, journal={Neuron}, author={Nicholls, Russell E. and Alarcon, Juan Marcos and Malleret, Gaël and Carroll, Reed C. and Grody, Michael and Vronskaya, Svetlana and Kandel, Eric R.}, year={2008}, pages={104–117}}

@article{actinDynamics, title={The interplay between neuronal activity and actin dynamics mimic the setting of an LTD synaptic tag}, volume={6}, DOI={10.1038/srep33685}, number={1}, journal={Scientific Reports}, author={Szabó, Eszter C. and Manguinhas, Rita and Fonseca, Rosalina}, year={2016}}


@article{actin_spine, title={Single-Molecule Discrimination of Discrete Perisynaptic and Distributed Sites of Actin Filament Assembly within Dendritic Spines}, volume={67}, DOI={10.1016/j.neuron.2010.05.026}, number={1}, journal={Neuron}, author={Frost, Nicholas A. and Shroff, Hari and Kong, Huihui and Betzig, Eric and Blanpied, Thomas A.}, year={2010}, pages={86–99}}

@article{ZIPbois, title={Persistent phosphorylation by protein kinase Mzeta maintains late-phase long-term potentiation.}, volume={69}, journal={JNeuroSci}, DOI={10.1523/JNEUROSCI.5132-04.2005}, year={2005}, author={Peter Serrano, Yudong Yao and Todd Charlton Sacktor}}

@article{actin_bois, title={Dynamic actin filaments are required for stable long-term potentiation (LTP) in area CA1 of the hippocampus}, year={2000}, author={Thomas Krucker, George R. Siggins, and Shelley Halpain}, DOI={ 10.1073/pnas.100139797}, journal={PNAS}}